% ********** Bibliografia **********

% ***********************************************************
% W tym pliku powinny znaleŸæ siê pozycje bibliograficzne
% ***********************************************************

@BOOK{EmptySeats,
    AUTHOR       = {S. Hartwig and M. Buchmann},
    TITLE        = {Empty Seats Traveling},
    PUBLISHER    = {},
    YEAR         = {},
    VOLUME       = {},
    SERIES       = {},
    ADDRESS      = {},
    EDITION      = {},
    MONTH        = {},
    NOTE         = "\url{http://research.nokia.com/files/NRC-TR-2007-003.pdf}"
    
}

@BOOK{Sanderson,
    AUTHOR       = "D. Sanderson",
    TITLE        = "Programming Google App Engine",
    PUBLISHER    = "O'Reilly Media",
    YEAR         = "2009",
    VOLUME       = "",
    SERIES       = "",
    ADDRESS      = "Sebastopol, USA",
    EDITION      = "",
    MONTH        = "",
    NOTE         = ""
}

@BOOK{Davis,
    AUTHOR       = "Charles Severance",
    TITLE        = "Using Google App Engine",
    PUBLISHER    = "O'Reilly Media",
    YEAR         = "2009",
    VOLUME       = "",
    SERIES       = "",
    ADDRESS      = "Sebastopol, USA",
    EDITION      = "",
    MONTH        = "",
    NOTE         = ""
}

@BOOK{Ciurana,
    AUTHOR       = "E. Ciurana",
    TITLE        = "Developing with Google App Engine",
    PUBLISHER    = "Apress",
    YEAR         = "2008",
    VOLUME       = "",
    SERIES       = "",
    ADDRESS      = "Berkeley, USA",
    EDITION      = "",
    MONTH        = "",
    NOTE         = ""
}

@BOOK{King ,
    AUTHOR       = "C. King",
    TITLE        = "Advanced BlackBerry Development",
    PUBLISHER    = "Apress",
    YEAR         = "2009",
    VOLUME       = "",
    SERIES       = "",
    ADDRESS      = "Berkeley, USA",
    EDITION      = "",
    MONTH        = "",
    NOTE         = ""
}

@BOOK{ThinkingBlackBerry ,
    AUTHOR       = "A. Rizk",
    TITLE        = "Thinking BlackBerry",
    PUBLISHER    = "",
    YEAR         = "",
    VOLUME       = "",
    SERIES       = "",
    ADDRESS      = "",
    EDITION      = "",
    MONTH        = "",
    NOTE         = "\url{http://www.thinkingblackberry.com/}"
}

@BOOK{EffectiveJava ,
    AUTHOR       = "J. Bloch",
    TITLE        = "Effective Java",
    PUBLISHER    = "Addison–Wesley",
    YEAR         = "2008",
    VOLUME       = "",
    SERIES       = "",
    ADDRESS      = "Stoughton, USA",
    EDITION      = "Second",
    MONTH        = "",
    NOTE         = "\url{http://www.thinkingblackberry.com/}"
}

@BOOK{BlackBerryDeveloper,
    AUTHOR       = "Community",
    TITLE        = "BlackBerry Developer Zone",
    PUBLISHER    = "",
    YEAR         = "",
    VOLUME       = "",
    SERIES       = "",
    ADDRESS      = "",
    EDITION      = "",
    MONTH        = "",
    NOTE         = "\url{http://na.blackberry.com/eng/developers/}"
}

@BOOK{WikiCars,
AUTHOR       = "Wikipedia",
    TITLE        = "Stosunek liczby samochodów do zaludnienia",
    NOTE         = "\url{http://pl.wikipedia.org/wiki/Stosunek_liczby_samochod\%C3\%B3w_do_zaludnienia}"
}

% ********** Koniec bibliografii **********
