% ********** Bibliografia **********

% ***********************************************************
% W tym pliku powinny znaleŸæ siê pozycje bibliograficzne
% ***********************************************************

@BOOK{rt_theory_and_impl,
    AUTHOR       = {Jacco Bikker},
    TITLE        = {Raytracing: Theory and Implementation},
    PUBLISHER    = {},
    YEAR         = {},
    VOLUME       = {},
    SERIES       = {},
    ADDRESS      = {},
    EDITION      = {},
    MONTH        = {},
    NOTE         = "\url{http://www.devmaster.net/articles/raytracing_series/part1.php}"  
}

@BOOK{czyn_cuda,
    AUTHOR       = {Software Developer's Journal},
    TITLE        = {Czyñ CUDA (czêœæ 1) – architektura},
    PUBLISHER    = {},
    YEAR         = {},
    VOLUME       = {},
    SERIES       = {},
    ADDRESS      = {},
    EDITION      = {},
    MONTH        = {},
    NOTE         = "\url{http://software.com.pl/czyn-cuda-czesc-1-architektura/}"  
}

@BOOK{rt_rollins,
    AUTHOR       = {Eric Rollins},
    TITLE        = {Real-Time Ray Tracing with GPGPU and Multi-Core},
    PUBLISHER    = {},
    YEAR         = {},
    VOLUME       = {},
    SERIES       = {},
    ADDRESS      = {},
    EDITION      = {},
    MONTH        = {},
    NOTE         = "\url{http://home.mindspring.com/~eric_rollins/ray/cuda.html}"  
}

@BOOK{cuda_gpgpu,
    AUTHOR       = {Andrew D. Britton},
    TITLE        = {Full CUDA Implementation Of GPGPU Recursive Ray-Tracing},
    PUBLISHER    = {},
    YEAR         = {},
    VOLUME       = {},
    SERIES       = {},
    ADDRESS      = {},
    EDITION      = {},
    MONTH        = {},
    NOTE         = "\url{http://docs.lib.purdue.edu/cgi/viewcontent.cgi?article=1024&context=techmasters}"  
}

@BOOK{cuda_main_page,
    AUTHOR       = {NVIDIA},
    TITLE        = {NVIDIA CUDA home page},
    PUBLISHER    = {},
    YEAR         = {},
    VOLUME       = {},
    SERIES       = {},
    ADDRESS      = {},
    EDITION      = {},
    MONTH        = {},
    NOTE         = "\url{http://www.nvidia.com/object/cuda_home_new.html}"  
}

@BOOK{cuda_optimizing,
    AUTHOR       = {NVIDIA},
    TITLE        = {NVIDIA Optimizing CUDA},
    PUBLISHER    = {},
    YEAR         = {},
    VOLUME       = {},
    SERIES       = {},
    ADDRESS      = {},
    EDITION      = {},
    MONTH        = {},
    NOTE         = "\url{http://www.speedup.ch/workshops/w38_2009/pdf/speedup_cuda_optimizations.pdf}"  
}


@BOOK{openMP,
    AUTHOR       = {Barbara Chapman, Gabriele Jost and Ruud van der Pas},
    TITLE        = {Using OpenMP},
    PUBLISHER    = {},
    YEAR         = {},
    VOLUME       = {},
    SERIES       = {},
    ADDRESS      = {},
    EDITION      = {},
    MONTH        = {},
    NOTE         = "\url{http://mitpress.mit.edu/catalog/item/default.asp?ttype=2&tid=11387f}"  
}


@BOOK{rt_wiki,
	 AUTHOR       = "Wikipedia",
    TITLE        = "Œledzenie promieni",
    NOTE         = "\url{http://pl.wikipedia.org/wiki/Ray_tracing}"
}

@BOOK{openCL_wiki,
	 AUTHOR       = "Wikipedia",
    TITLE        = "OpenCL",
    NOTE         = "\url{http://en.wikipedia.org/wiki/OpenCL}"
}

@BOOK{ati_wiki,
	 AUTHOR       = "Wikipedia",
    TITLE        = "ATI Technologies",
    NOTE         = "\url{http://en.wikipedia.org/wiki/ATI_Technologies}"
}

@BOOK{cuda_wiki,
	 AUTHOR       = "Wikipedia",
    TITLE        = "CUDA",
    NOTE         = "\url{http://en.wikipedia.org/wiki/CUDA}"
}

% ********** Koniec bibliografii **********
